\usepackage{url}

@misc{jiang2020improving,
      title={Improving Machine Reading Comprehension with Single-choice Decision and Transfer Learning}, 
      author={Yufan Jiang and Shuangzhi Wu and Jing Gong and Yahui Cheng and Peng Meng and Weiliang Lin and Zhibo Chen and Mu li},
      year={2020},
      eprint={2011.03292},
      archivePrefix={arXiv},
      primaryClass={cs.CL}
}